@article{JS:SigMag2014,
  author = {J. {Salomon} and E. {Gomez} and D. {Ellis} and G. {Richard}},
  title = {Melody Extraction from Polyphonic Music Signals: Approaches, Applications and Challenges},
  journal = {IEEE Signal Processing magazine},
  year = 2014,
  month = mar,
  volume = {31},
  number = {2},
  pages = {118--134},
  annote = {category=article language=en audience=2 state=toappear dept=tsi group=aao id=13984}
}
@book{Christensen2009_Morgan,
  author    = {Christensen, M.G. and Jakobsson, A.},
  title     = {Multi-Pitch Estimation},
  booktitle = {Multi-Pitch Estimation},
  publisher = {Morgan {\&} Claypool Publishers},
  series    = {Synthesis Lectures on Speech and Audio Processing},
  year      = {2009},
}

@inproceedings{toosMelodyICASSP10,
	Author = {Tachibana, H. and Ono, T. and Ono, N. and Sagayama, S.},
	Booktitle = {IEEE International Conference on Acoustics, Speech and Signal Processing (ICASSP)},
	Date-Added = {2012-11-28 16:27:59 +0100},
	Date-Modified = {2012-11-28 16:30:57 +0100},
	Month = {Mar.},
	Pages = {425-428},
	Title = {Melody Line Estimation in Homophonic Music Audio Signals Based on Temporal-Variability of Melodic Source},
	Year = {2010}}

@inproceedings{MIREX2012,
	Author = {MIREX'2012 Evaluation},
	Date-Added = {2012-11-28 16:27:59 +0100},
	Date-Modified = {2012-11-28 16:30:57 +0100},
	Address = {http://www.music-ir.org/mirex/wiki/2012:MIREX2012\_Results},
	Title = {Multiple Fundamental Frequency estimation - Task 2: Note tracking},
	%Year = {2012}
	}

@ARTICLE{Benetos11c,
	author={E. Benetos and S. Dixon},
	journal={IEEE Journal of Selected Topics in Signal Processing}, 
	title={Joint Multi-pitch Detection using Harmonic Envelope Estimation for Polyphonic Music Transcription},
	year={2011},
	month=oct,
	volume={5},
	number={6},
	pages={1111--1123}}
	
@inproceedings{BenetosISMIR2014,
    title={Template adaptation for improving automatic music transcriptio},
	Author = {E. Benetos and R. Badeau and T. Weyde and G. Richard},
	month={October},
	year={2014},
	booktitle={ International Society for Music Information Retrieval (ISMIR)},
}	
	
@Inproceedings{Fuentes_EUSCIPCO2014,
	author = {Fuentes, B. and Badeau, R. and Richard, G.},
	title  = {Controlling the Convergence Rate to Help Parameter Estimation in a PLCA-based Model},
	booktitle = {European Signal Processing Conference (EUSIPCO)},
	address = {Lisbon},
	month = {September},
	year = {2014},
}

	

@INPROCEEDINGS{Kirchhoff13,
author={Kirchhoff, H. and Dixon, S. and Klapuri, A},
booktitle={IEEE International Conference on Acoustics, Speech and Signal Processing (ICASSP), 2013},
title={Missing template estimation for user-assisted music transcription},
year={2013},
month={May},
pages={26-30},
keywords={audio signal processing;estimation theory;matrix algebra;music;NMF gain matrix;data driven methods;error metrics;instrument templates;missing template estimation;nonnegative matrix factorisation framework;pitch positions;template spectra;user assisted music transcription;Databases;Equations;Estimation;Instruments;Interpolation;Mathematical model;Vectors;adapting instrument spectra;source-filter model;template estimation;user-assisted music transcription},
doi={10.1109/ICASSP.2013.6637602},
ISSN={1520-6149},}

@ARTICLE{Klapuri2008,
author={Klapuri, A},
journal={IEEE Transactions on Audio, Speech, and Language Processing},
title={Multipitch Analysis of Polyphonic Music and Speech Signals Using an Auditory Model},
year={2008},
month={Feb},
volume={16},
number={2},
pages={255-266},
keywords={audio signal processing;frequency estimation;iterative methods;music;physiological models;signal detection;speech processing;auditory model;computational model;frequency estimation;human auditory periphery;iterative detection;multipitch analysis;multiple-speaker speech signals;periodicity analysis mechanism;polyphonic music;speech signal;Acoustic signal analysis;fundamental frequency estimation;music information retrieval;pitch perception},
doi={10.1109/TASL.2007.908129},
ISSN={1558-7916},}

@ARTICLE{Vincent2010_IEEE,
  author = {Vincent, E. and Bertin, N. and Badeau, R.},
  title = {Adaptive harmonic spectral decomposition for multiple pitch estimation},
  journal = {IEEE Transactions on Audio Speech and Language Processing},
  year = {2010},
  volume = {18},
  pages = {528--537},
  number = {3},
  month = {March},
  owner = {rbadeau},
  timestamp = {2009.08.24}
}

@article{Durrieu2011,
  author = {J.-L. {Durrieu} and B. {David} and G. {Richard}},
  title = {A musically motivated mid-level representation for pitch estimation and musical audio source separation},
  journal = {IEEE Journal of Selected Topics in Signal Processing},
  year = 2011,
  month = oct,
  volume = {5},
  number = {6},
  pages = {1180--1191},
  annote = {category=article language=en audience=1 state=published project=audiosig dept=tsi group=aao id=11274}
}


@article{Davy2006,
   author = "Davy, M. and Godsill, S. and Idier, J.",
   title = "Bayesian analysis of polyphonic western tonal music",
   journal = "The Journal of the Acoustical Society of America",
   year = "2006",
   volume = "119",
   number = "4", 
   eid = ,
   pages = "2498-2517",
   url = "http://scitation.aip.org/content/asa/journal/jasa/119/4/10.1121/1.2168548",
   doi = "http://dx.doi.org/10.1121/1.2168548" 
}


@phdthesis{HainsworthPhD,
address = {UK},
author = {S.W. Hainsworth},
school = {University of Cambridge},
title = {{Techniques for the Automated Analysis of Musical Audio}},
year = {2004}
}

@inproceedings{durrieuVersionID,
	Author = {Foucard, R. and Durrieu, J.-L. and Lagrange, M. and Richard, G.},
	Booktitle = {IEEE Internacional Conference on Acoustics, Speech, and Signal Processing (ICASSP)},
	Date-Added = {2011-12-20 13:05:53 +0100},
	Date-Modified = {2012-11-28 15:35:36 +0100},
	Pages = {5514-5517},
	Title = {Multimodal similarity between musical streams for cover version detection},
	Year = {2010}}

@article{salamonVersionIDQBH-MMIR13,
	Author = {Salamon, J. and Serr\`{a}, J. and G\'{o}mez, E.},
	Date-Added = {2012-11-28 15:37:04 +0100},
	Date-Modified = {2012-11-28 15:39:49 +0100},
	Journal = {Internacional Journal of Multimedia Information Retrieval, special issue on Hybrid Music Informantion Retrieval},
	Title = {Tonal Representations for Music Retrieval: From Version Identification to Query-by-Humming},
	Volume = {2},
	Number = {1},
	Pages = {45-58},
	Month = {Mar.},
	Year = {2013}}

@article{Lee99,
    address = {Bell Laboratories, Lucent Technologies, Murray Hill, New Jersey 07974, USA.},
    author = {Lee, D. D. and Seung, H. S.},
    day = {21},
    doi = {10.1038/44565},
    issn = {0028-0836},
    journal = {Nature},
    month = oct,
    number = {6755},
    pages = {788--791},
    publisher = {Nature Publishing Group},
    title = {Learning the parts of objects by non-negative matrix factorization},
    volume = {401},
    year = {1999}
}


@InProceedings{Smaragdis03,
    author = {P. Smaragdis and J. C. Brown},
    title = {Non-Negative Matrix Factorization for Polyphonic Music Transcription},
    booktitle = {IEEE Workshop on Applications of Signal Processing to Audio and Acoustics},
    year = {2003},
    pages = {177--180}
}

@INPROCEEDINGS{Dessein10,
    author = {A. Dessein and A. Cont and G. Lemaitre},
    title = {Real-time polyphonic music transcription with non-negative matrix factorization and beta-divergence},
    booktitle = {11th International Society for Music Information Retrieval Conference},
    year = {2010},
    pages = {489--494}
}

@inproceedings{Virtanen2008,
  author = {Virtanen, T. and Cemgil, A. T. and Godsill, S. },
  title = {Bayesian extensions to non-negative matrix factorisation for audio signal modelling},
	Booktitle = {IEEE International Conference on Acoustics, Speech, and Signal Processing (ICASSP)},
  year = {2008},
  pages = {1825--1828},
  pdf = {papers/virtanen-cemgil-godsill-icassp08.pdf},
  doi = {http://dx.doi.org/10.1109/ICASSP.2008.4517987}
}

@article{Fevotte2009,
 author = {F{\'e}votte, C. and Bertin, N. and Durrieu, J.-L.},
 title = {Nonnegative Matrix Factorization with the Itakura-saito Divergence: With Application to Music Analysis},
 journal = {Neural Comput.},
 issue_date = {March 2009},
 volume = {21},
 number = {3},
 month = mar,
 year = {2009},
 issn = {0899-7667},
 pages = {793--830},
 numpages = {38},
 url = {http://dx.doi.org/10.1162/neco.2008.04-08-771},
 doi = {10.1162/neco.2008.04-08-771},
 acmid = {1512591},
 publisher = {MIT Press},
 address = {Cambridge, MA, USA},
}

@INPROCEEDINGS{Smaragdis06,
    author = {P. Smaragdis and B. Raj and M. Shashanka},
    title = {A probabilistic latent variable model for acoustic modeling},
    booktitle = {Workshop on Advances in Models for Acoustic Processing at NIPS},
    year = {2006}
}

@inproceedings{Smaragdis08,
  author    = {P. Smaragdis and
               B. Raj and
               M. V. S. Shashanka},
  title     = {Sparse and shift-invariant feature extraction from non-negative data},
 	Booktitle = {IEEE International Conference on Acoustics, Speech, and Signal Processing (ICASSP)},
  year      = {2008},
  pages     = {2069--2072},
  crossref  = {DBLP:conf/icassp/2008},
  url       = {http://dx.doi.org/10.1109/ICASSP.2008.4518048},
  doi       = {10.1109/ICASSP.2008.4518048},
  timestamp = {Thu, 11 Sep 2014 06:24:13 +0200},
  biburl    = {http://dblp.uni-trier.de/rec/bib/conf/icassp/SmaragdisRS08},
  bibsource = {dblp computer science bibliography, http://dblp.org}
}

@Inproceedings{Fuentes2012_EUSIPCO,
	author = {Fuentes, B. and Badeau, R. and Richard, G.},
	title  = {Blind Harmonic Adaptive Decomposition Applied to Supervised Source Separation},
	booktitle = {European Signal Processing Conference (EUSIPCO)},
	address = {Bucharest, Romania},
	month = {August},
	year = {2012},
	pages = {2654-2658}
}

@phdthesis{Fuentes2013_PhD,
address = {Paris, France},
author = {B. Fuentes},
school = {Télécom ParisTech},
title = {{L'analyse probabiliste en composantes latentes et ses adaptations aux signaux musicaux. Application à la transcription automatique de musique et à la séparation de sources.}},
year = {2013}
}